% @article{stanford1,
	%   title={Playing Tetris with Genetic Algorithms},
	%   author={Jason Lewis},
	%   note = "\url{http://cs229.stanford.edu/proj2015/238_report.pdf}"
	% } 

% @article{toward1,
	%     title={Beating the world record in Tetris (GB) with genetics algorithm},
	%     author={Duc Anh Bui},
	%     note = "\url{https://towardsdatascience.com/beating-the-world-record-in-tetris-gb-with-genetics-algorithm-6c0b2f5ace9b}"
	% }
% @article{toward2,
	%     title={Active Learning: Curious AI Algorithms},
	%     author={Stefan Hosein},
	%     note = "\url{https://www.datacamp.com/community/tutorials/active-learning}"
	% }

\newpage
\begin{thebibliography}{9}

\bibitem{datacamp}
Stefan Hosein
\textit{\href{https://www.datacamp.com/community/tutorials/active-learning}{Active Learning: Curious AI Algorithms}}.

\bibitem{datacamp}
Shay Yehezkel
\textit{High Dimensional Statistical Process Control and Application, M.Sc Thesis.}. 

\bibitem{datacamp}
Ilhan, Hamza Osman, and Mehmet Fatih Amasyali. 
\textit{Active Learning as a Way of Increasing Accuracy.}. 
\texttt{International Journal of Computer Theory and Engineering 6, no. 6 (2014): 460.}

\end{thebibliography}
